<?xml version="1.0" encoding="UTF-8"?><collection xmlns="http://www.loc.gov/MARC21/slim"><record><leader>00354nam--2200133-i-4500</leader><controlfield tag="001">000036640</controlfield><controlfield tag="002">20161230</controlfield><controlfield tag="005">20161230201041</controlfield><controlfield tag="008">060222s1000------------r-----000-0-eng-d</controlfield><datafield ind1=" " ind2=" " tag="080"><subfield code="a">541.1:536.7:519.6</subfield></datafield><datafield ind1=" " ind2=" " tag="100"><subfield code="a">Popa,Ionel Marcel.,Tarhon,Ana</subfield></datafield><datafield ind1=" " ind2=" " tag="245"><subfield code="a">Aplicatii de calcul in chimia fizica</subfield></datafield><datafield ind1=" " ind2=" " tag="260"><subfield code="a">Bucuresti, Ed.Tehnica, 1983. 288p</subfield></datafield><datafield ind1=" " ind2=" " tag="852"><subfield code="a">70940</subfield></datafield></record></collection>